@misc{git:eroots,
  author       = {eRoots},
  title        = {COLMENA eRoots Repository},
  year         = {2024},
  url          = {https://github.com/eRoots-Analytics/COLMENA},
  note         = {GitHub repository},
  howpublished = {Available at: \url{https://github.com/eRoots-Analytics/COLMENA}}
}

@article{article:andes,
  author    = {H. Cui and F. Li and K. Tomsovic},
  title     = {Hybrid Symbolic-Numeric Framework for Power System Modeling and Analysis},
  journal   = {IEEE Transactions on Power Systems},
  volume    = {36},
  number    = {2},
  pages     = {1373--1384},
  year      = {2021},
  month     = mar,
  doi       = {10.1109/TPWRS.2020.3017019}
}


@article{grids:kundur,
    author  = {Qiuhua Huang},
    title   = {RLGC repository},
    year    = {2022},
    howpublished     = {\url{https://github.com/RLGC-Project/RLGC}},
    URL = {https://github.com/RLGC-Project/RLGC},
    urldate = {2024-08-13}
}


@misc{grids:ieee118,
    author  = {University of Washington},
    title   = {Power Systems Test Case Archive},
    year    = {2022},
    howpublished = {\url{https://labs.ece.uw.edu/pstca/pf118/pg_tca118bus.htm}},
    URL = {https://labs.ece.uw.edu/pstca/pf118/pg_tca118bus.htm},
    urldate = {2024-08-13}
}

@article{grids:ieee300,
    author  = {University of Washington},
    title   = {Power Systems Test Case Archive},
    year    = {2022},
    howpublished = {\url{https://labs.ece.uw.edu/pstca/pf300/pg_tca300bus.htm}},
    URL = {https://labs.ece.uw.edu/pstca/pf300/pg_tca300bus.htm},
    urldate = {2024-08-13}
}

@misc{grids:activsg2000,
    author  = {Texas AM University},
    title   = {ACTIVSg2000: 2000-bus synthetic grid on footprint of Texas},
    year    = {2022},
    howpublished = {\url{https://electricgrids.engr.tamu.edu/electric-grid-test-cases/activsg2000/}},
    URL = {https://electricgrids.engr.tamu.edu/electric-grid-test-cases/activsg2000/},
    urldate = {2024-08-13}
}

@article{grids:models,
    author  = {Hantao Cui},
    title   = {Andes, Model References},
    year    = {2022},
    howpublished  = {\url{https://docs.andes.app/en/latest/modelref.html}},
    URL  = {https://docs.andes.app/en/latest/modelref.html},
    urldate = {2024-08-13}
}

@article{grids:kundur2,
    author  = {Qiuhua Huang},
    title   = {RLGC repository},
    year    = {2022},
    howpublished     = {\url{https://github.com/RLGC-Project/RLGC}},
    URL = {https://github.com/RLGC-Project/RLGC},
    urldate = {2024-08-13}
}

@article{source:NRELfrequency,
    author  = {Modeling Primary Frequency Response for Grid Studies },
    title   = {Jennie Jorgenson and Paul Denholm},
    year    = {2019},
    howpublished     = {\url{https://www.nrel.gov/docs/fy19osti/72355.pdf}},
    URL = {https://www.nrel.gov/docs/fy19osti/72355.pdf},
    urldate = {2024-10-11}
}

@misc{image:diagram:governor,
    author  = {PowerWorld Corporation},
    title   = {Governor Model: TGOV1 and TGOV1D},
    year    = {2024},
    howpublished     = {\url{https://www.powerworld.com/WebHelp/Default.htm}},
    URL = {https://www.powerworld.com/WebHelp/Default.htm},
    urldate = {2024-10-11}
}

@article{image:diagram:governor,
    author  = {PowerWorld Corporation},
    title   = {Governor Model: TGOV1 and TGOV1D},
    year    = {2024},
    howpublished     = {\url{https://www.powerworld.com/WebHelp/Default.htm}},
    URL = {https://www.powerworld.com/WebHelp/Default.htm},
    urldate = {2024-10-11}
}

@article{source:andes:models:generator,
    author  = {Hantao Cui},
    title   = {Andes Generator Model},
    year    = {2022},
    howpublished  = {\url{https://docs.andes.app/en/stable/groupdoc/SynGen.html}},
    URL  = {https://docs.andes.app/en/stable/groupdoc/SynGen.html},
    urldate = {2024-08-13}
}

@book{source:bookconverter,
    title  = {Power Electronics: Converters, Applications, and Design},
    author   = {B.M. Weedy | B.J. Cory N. Jenkins | J.B. Ekanayake | G. Strbab},
}

@book{source:bookelectron,
    title  = {Electric Power Systems},
    author   = {Mohan, Undeland, Robbins},
}

@article{grids:ieee39,
    author  = {Anantha Pai.},
    title   = {Energy Function Analysis for Power System Stability},
    year    = {1989},
    howpublished     = {Springer, 1989},
}



