@article{grids:kundur,
    author  = {Qiuhua Huang},
    title   = {RLGC repository},
    year    = {2022},
    howpublished     = {\url{https://github.com/RLGC-Project/RLGC}},
    URL = {https://github.com/RLGC-Project/RLGC},
    urldate = {2024-08-13}
}
@article{grids:ieee14,
    author  = {University of Washington},
    title   = {Power Systems Test Case Archive},
    year    = {2022},
    howpublished     = {\url{https://labs.ece.uw.edu/pstca/}},
    URL = {https://labs.ece.uw.edu/pstca/},
    urldate = {2024-08-13}
}

@article{grids:ieee118,
    author  = {University of Washington},
    title   = {Power Systems Test Case Archive},
    year    = {2022},
    howpublished = {\url{https://labs.ece.uw.edu/pstca/pf118/pg_tca118bus.htm}},
    URL = {https://labs.ece.uw.edu/pstca/pf118/pg_tca118bus.htm},
    urldate = {2024-08-13}
}

@article{test2,
    author  = {University of Washington},
    title   = {Power Systems Test Case Archive},
    year    = {2022},
    howpublished     = {\url{https://labs.ece.uw.edu/pstca/pf118/pg_tca118bus.htm}},
    URL = {https://labs.ece.uw.edu/pstca/pf118/pg_tca118bus.htm},
    urldate = {2024-08-13}
}

@article{grids:models,
    author  = {Hantao Cui},
    title   = {Andes, Model References},
    year    = {2022},
    howpublished  = {\url{https://docs.andes.app/en/latest/modelref.html}},
    URL  = {https://docs.andes.app/en/latest/modelref.html},
    urldate = {2024-08-13}
}

@article{grids:kundur2,
    author  = {Qiuhua Huang},
    title   = {RLGC repository},
    year    = {2022},
    howpublished     = {\url{https://github.com/RLGC-Project/RLGC}},
    URL = {https://github.com/RLGC-Project/RLGC},
    urldate = {2024-08-13}
}