@article{grids:kundur,
    author  = {Qiuhua Huang},
    title   = {RLGC repository},
    year    = {2022},
    howpublished     = {\url{https://github.com/RLGC-Project/RLGC}},
    URL = {https://github.com/RLGC-Project/RLGC},
    urldate = {2024-08-13}
}
@article{grids:ieee14,
    author  = {University of Washington},
    title   = {Power Systems Test Case Archive},
    year    = {2022},
    howpublished     = {\url{https://labs.ece.uw.edu/pstca/}},
    URL = {https://labs.ece.uw.edu/pstca/},
    urldate = {2024-08-13}
}

@article{grids:ieee118,
    author  = {University of Washington},
    title   = {Power Systems Test Case Archive},
    year    = {2022},
    howpublished = {\url{https://labs.ece.uw.edu/pstca/pf118/pg_tca118bus.htm}},
    URL = {https://labs.ece.uw.edu/pstca/pf118/pg_tca118bus.htm},
    urldate = {2024-08-13}
}

@article{test2,
    author  = {University of Washington},
    title   = {Power Systems Test Case Archive},
    year    = {2022},
    howpublished     = {\url{https://labs.ece.uw.edu/pstca/pf118/pg_tca118bus.htm}},
    URL = {https://labs.ece.uw.edu/pstca/pf118/pg_tca118bus.htm},
    urldate = {2024-08-13}
}

@article{grids:models,
    author  = {Hantao Cui},
    title   = {Andes, Model References},
    year    = {2022},
    howpublished  = {\url{https://docs.andes.app/en/latest/modelref.html}},
    URL  = {https://docs.andes.app/en/latest/modelref.html},
    urldate = {2024-08-13}
}

@article{grids:kundur2,
    author  = {Qiuhua Huang},
    title   = {RLGC repository},
    year    = {2022},
    howpublished     = {\url{https://github.com/RLGC-Project/RLGC}},
    URL = {https://github.com/RLGC-Project/RLGC},
    urldate = {2024-08-13}
}

@article{ADMM:boyd,
  title={Distributed optimization and statistical learning via the alternating direction method of multipliers},
  author={Boyd, Stephen and Parikh, Neal and Chu, Eric and Peleato, Borja and Eckstein, Jonathan},
  journal={Foundations and Trends in Machine Learning},
  volume={3},
  number={1},
  pages={1--122},
  year={2011},
  publisher={Now Publishers Inc.},
  url={https://web.stanford.edu/~boyd/papers/pdf/admm_distr_stats.pdf}
}

@article{ADMM:edu,
  title={Centralised and Distributed Optimization for Aggregated Flexibility Services Provision},
  author={Pol Olivella-Rosell, Francesc Rullan, Pâu Lloret-Gallego, Eduardo Prieto-Araujo, Ricard Ferrer-San-José, Sara Barja-Martinez, Sigurd Bjarghov},
  journal={IEEE Transactions on Smart Grid},
  volume={10},
  number={4},
  pages={3551--3565},
  year={2019},
  publisher={IEEE},
  doi={10.1109/TSG.2018.2827684},
  url={https://ieeexplore.ieee.org/document/8359283}
}


@article{grid:ieee39,
  title={A practical method for the direct analysis of transient stability},
  author={Athay, Thomas and Podmore, Roger and Virmani, Stephen},
  journal={IEEE Transactions on Power Apparatus and Systems},
  volume={PAS-98},
  year={1979},
  publisher={IEEE}
}

@article{tool:andes,
  title={ANDES: A Python tool for power system modeling and analysis},
  author={Qi, Shuang and Milano, Federico},
  journal={SoftwareX},
  volume={11},
  pages={100453},
  year={2020},
  publisher={Elsevier}
}

@misc{repo:colmenaeroots,
  author       = {eRoots Analytics},
  title        = {COLMENA: Decentralized Control Framework for Power Grids},
  year         = {2024},
  howpublished = {\url{https://github.com/eRoots-Analytics/COLMENA}},
  note         = {Accessed: 2025-06-03}
}
